%YAML 1.1
%TAG !u! tag:unity3d.com,2011:
--- !u!1001 &100100000
Prefab:
  m_ObjectHideFlags: 1
  serializedVersion: 2
  m_Modification:
    m_TransformParent: {fileID: 0}
    m_Modifications: []
    m_RemovedComponents: []
  m_SourcePrefab: {fileID: 0}
  m_RootGameObject: {fileID: 1233923869598952}
  m_IsPrefabAsset: 1
--- !u!1 &1233923869598952
GameObject:
  m_ObjectHideFlags: 0
  m_CorrespondingSourceObject: {fileID: 0}
  m_PrefabInternal: {fileID: 100100000}
  serializedVersion: 6
  m_Component:
  - component: {fileID: 4451706620945108}
  - component: {fileID: 212719490059228832}
  - component: {fileID: 60855209003199964}
  - component: {fileID: 114956108234686816}
  m_Layer: 0
  m_Name: Theke
  m_TagString: Untagged
  m_Icon: {fileID: 0}
  m_NavMeshLayer: 0
  m_StaticEditorFlags: 0
  m_IsActive: 1
--- !u!4 &4451706620945108
Transform:
  m_ObjectHideFlags: 1
  m_CorrespondingSourceObject: {fileID: 0}
  m_PrefabInternal: {fileID: 100100000}
  m_GameObject: {fileID: 1233923869598952}
  m_LocalRotation: {x: 0, y: 0, z: 0, w: 1}
  m_LocalPosition: {x: -5.08, y: 2.38, z: 0}
  m_LocalScale: {x: 2, y: 2, z: 2}
  m_Children: []
  m_Father: {fileID: 0}
  m_RootOrder: 0
  m_LocalEulerAnglesHint: {x: 0, y: 0, z: 0}
--- !u!60 &60855209003199964
PolygonCollider2D:
  m_ObjectHideFlags: 1
  m_CorrespondingSourceObject: {fileID: 0}
  m_PrefabInternal: {fileID: 100100000}
  m_GameObject: {fileID: 1233923869598952}
  m_Enabled: 1
  m_Density: 1
  m_Material: {fileID: 0}
  m_IsTrigger: 0
  m_UsedByEffector: 0
  m_UsedByComposite: 0
  m_Offset: {x: 0, y: 0}
  m_SpriteTilingProperty:
    border: {x: 0, y: 0, z: 0, w: 0}
    pivot: {x: 0.5, y: 0.5}
    oldSize: {x: 1, y: 1.0029297}
    newSize: {x: 1, y: 1.0029297}
    adaptiveTilingThreshold: 0.5
    drawMode: 0
    adaptiveTiling: 0
  m_AutoTiling: 0
  m_Points:
    m_Paths:
    - - {x: -0.5, y: 0.50146484}
      - {x: -0.5, y: -0.1381836}
      - {x: 0.5, y: -0.1381836}
      - {x: 0.5, y: 0.50146484}
    - - {x: -0.4873047, y: 0.26611328}
      - {x: -0.453125, y: 0.12841797}
      - {x: -0.3857422, y: 0.063964844}
      - {x: -0.4873047, y: 0.063964844}
    - - {x: -0.30078125, y: 0.12841797}
      - {x: -0.2626953, y: 0.26611328}
      - {x: -0.2626953, y: 0.063964844}
      - {x: -0.37304688, y: 0.063964844}
    - - {x: -0.22851562, y: 0.20263672}
      - {x: -0.047851562, y: 0.18798828}
      - {x: -0.0126953125, y: 0.063964844}
      - {x: -0.23730469, y: 0.063964844}
    - - {x: 0.0126953125, y: 0.26708984}
      - {x: 0.049804688, y: 0.12841797}
      - {x: 0.1171875, y: 0.063964844}
      - {x: 0.0126953125, y: 0.063964844}
    - - {x: 0.20214844, y: 0.12841797}
      - {x: 0.23730469, y: 0.26611328}
      - {x: 0.23730469, y: 0.063964844}
      - {x: 0.12988281, y: 0.063964844}
    - - {x: 0.30664062, y: 0.1928711}
      - {x: 0.4794922, y: 0.20263672}
      - {x: 0.4873047, y: 0.063964844}
      - {x: 0.2626953, y: 0.063964844}
    - - {x: -0.43359375, y: 0.26611328}
      - {x: -0.42285156, y: 0.24658203}
      - {x: -0.4248047, y: 0.15283203}
      - {x: -0.43359375, y: 0.13916016}
    - - {x: -0.3310547, y: 0.23291016}
      - {x: -0.36132812, y: 0.24169922}
      - {x: -0.33007812, y: 0.2475586}
      - {x: -0.32226562, y: 0.13916016}
    - - {x: 0.0859375, y: 0.24267578}
      - {x: 0.083984375, y: 0.22998047}
      - {x: 0.07910156, y: 0.15283203}
      - {x: 0.06933594, y: 0.13916016}
    - - {x: 0.17285156, y: 0.23291016}
      - {x: 0.14160156, y: 0.24267578}
      - {x: 0.17285156, y: 0.2475586}
      - {x: 0.18066406, y: 0.13916016}
    - - {x: -0.4091797, y: 0.16357422}
      - {x: -0.34765625, y: 0.2241211}
      - {x: -0.41015625, y: 0.16259766}
    - - {x: 0.09472656, y: 0.16357422}
      - {x: 0.15625, y: 0.2241211}
      - {x: 0.09375, y: 0.16259766}
    - - {x: -0.17871094, y: 0.26611328}
      - {x: -0.16894531, y: 0.2319336}
      - {x: -0.1328125, y: 0.22705078}
      - {x: -0.17871094, y: 0.21728516}
    - - {x: -0.08203125, y: 0.22509766}
      - {x: -0.068359375, y: 0.2602539}
      - {x: -0.06738281, y: 0.21728516}
      - {x: -0.115234375, y: 0.21728516}
    - - {x: 0.3173828, y: 0.26611328}
      - {x: 0.32714844, y: 0.2319336}
      - {x: 0.36328125, y: 0.22705078}
      - {x: 0.3173828, y: 0.21728516}
    - - {x: 0.4140625, y: 0.22509766}
      - {x: 0.42773438, y: 0.2602539}
      - {x: 0.42773438, y: 0.21923828}
      - {x: 0.38085938, y: 0.21728516}
    - - {x: 0.4423828, y: 0.32080078}
      - {x: 0.4873047, y: 0.32080078}
      - {x: 0.4873047, y: 0.22607422}
      - {x: 0.4423828, y: 0.22607422}
    - - {x: -0.053710938, y: 0.32080078}
      - {x: -0.0126953125, y: 0.32080078}
      - {x: -0.0126953125, y: 0.22705078}
      - {x: -0.053710938, y: 0.22705078}
    - - {x: 0.2626953, y: 0.32080078}
      - {x: 0.30371094, y: 0.32080078}
      - {x: 0.30371094, y: 0.22705078}
      - {x: 0.2626953, y: 0.22705078}
    - - {x: -0.23730469, y: 0.31689453}
      - {x: -0.19238281, y: 0.31689453}
      - {x: -0.19238281, y: 0.22802734}
      - {x: -0.23730469, y: 0.22802734}
    - - {x: -0.15332031, y: 0.24267578}
      - {x: -0.091796875, y: 0.30322266}
      - {x: -0.15429688, y: 0.24169922}
    - - {x: 0.34277344, y: 0.24267578}
      - {x: 0.40429688, y: 0.30322266}
      - {x: 0.34179688, y: 0.24169922}
    - - {x: -0.40722656, y: 0.28955078}
      - {x: -0.34765625, y: 0.28955078}
      - {x: -0.3466797, y: 0.25439453}
      - {x: -0.40820312, y: 0.25439453}
    - - {x: 0.123046875, y: 0.28955078}
      - {x: 0.12597656, y: 0.28955078}
      - {x: 0.15625, y: 0.25439453}
      - {x: 0.09472656, y: 0.25439453}
    - - {x: -0.4873047, y: 0.47998047}
      - {x: -0.3857422, y: 0.47998047}
      - {x: -0.44628906, y: 0.42919922}
      - {x: -0.45507812, y: 0.2866211}
    - - {x: -0.43359375, y: 0.40673828}
      - {x: -0.4189453, y: 0.31396484}
      - {x: -0.41503906, y: 0.3100586}
      - {x: -0.43359375, y: 0.2788086}
    - - {x: -0.33203125, y: 0.29833984}
      - {x: -0.3359375, y: 0.3881836}
      - {x: -0.3408203, y: 0.3930664}
      - {x: -0.32226562, y: 0.40673828}
    - - {x: -0.30859375, y: 0.41455078}
      - {x: -0.31054688, y: 0.41748047}
      - {x: -0.31347656, y: 0.41845703}
      - {x: -0.2626953, y: 0.47998047}
    - - {x: -0.17871094, y: 0.32861328}
      - {x: -0.12890625, y: 0.32861328}
      - {x: -0.16210938, y: 0.31982422}
      - {x: -0.16894531, y: 0.2836914}
    - - {x: -0.07519531, y: 0.31298828}
      - {x: -0.11035156, y: 0.31884766}
      - {x: -0.06738281, y: 0.32861328}
      - {x: -0.06738281, y: 0.2788086}
    - - {x: 0.17089844, y: 0.29833984}
      - {x: 0.16699219, y: 0.3881836}
      - {x: 0.16210938, y: 0.3930664}
      - {x: 0.18066406, y: 0.40673828}
    - - {x: 0.20117188, y: 0.41845703}
      - {x: 0.12988281, y: 0.47998047}
      - {x: 0.23730469, y: 0.47998047}
      - {x: 0.23730469, y: 0.2788086}
    - - {x: 0.3173828, y: 0.32861328}
      - {x: 0.3671875, y: 0.32861328}
      - {x: 0.33691406, y: 0.31396484}
      - {x: 0.33203125, y: 0.30908203}
    - - {x: 0.42089844, y: 0.31298828}
      - {x: 0.3857422, y: 0.31884766}
      - {x: 0.42871094, y: 0.32861328}
      - {x: 0.42871094, y: 0.2788086}
    - - {x: 0.0126953125, y: 0.47998047}
      - {x: 0.1171875, y: 0.47998047}
      - {x: 0.056640625, y: 0.42919922}
      - {x: 0.0126953125, y: 0.27978516}
    - - {x: 0.06933594, y: 0.40673828}
      - {x: 0.08496094, y: 0.39794922}
      - {x: 0.07421875, y: 0.30810547}
      - {x: 0.06933594, y: 0.27978516}
    - - {x: -0.40820312, y: 0.32177734}
      - {x: -0.3466797, y: 0.38232422}
      - {x: -0.4091797, y: 0.32080078}
    - - {x: 0.09472656, y: 0.32177734}
      - {x: 0.15625, y: 0.38232422}
      - {x: 0.09375, y: 0.32080078}
    - - {x: -0.23730469, y: 0.47998047}
      - {x: -0.0126953125, y: 0.47998047}
      - {x: -0.017578125, y: 0.3383789}
      - {x: -0.19042969, y: 0.35302734}
    - - {x: 0.2626953, y: 0.47998047}
      - {x: 0.4873047, y: 0.47998047}
      - {x: 0.48242188, y: 0.3383789}
      - {x: 0.30664062, y: 0.35205078}
--- !u!114 &114956108234686816
MonoBehaviour:
  m_ObjectHideFlags: 1
  m_CorrespondingSourceObject: {fileID: 0}
  m_PrefabInternal: {fileID: 100100000}
  m_GameObject: {fileID: 1233923869598952}
  m_Enabled: 1
  m_EditorHideFlags: 0
  m_Script: {fileID: 11500000, guid: 76886e9705135884cb5e166316ec530b, type: 3}
  m_Name: 
  m_EditorClassIdentifier: 
--- !u!212 &212719490059228832
SpriteRenderer:
  m_ObjectHideFlags: 1
  m_CorrespondingSourceObject: {fileID: 0}
  m_PrefabInternal: {fileID: 100100000}
  m_GameObject: {fileID: 1233923869598952}
  m_Enabled: 1
  m_CastShadows: 0
  m_ReceiveShadows: 0
  m_DynamicOccludee: 1
  m_MotionVectors: 1
  m_LightProbeUsage: 1
  m_ReflectionProbeUsage: 1
  m_RenderingLayerMask: 4294967295
  m_Materials:
  - {fileID: 10754, guid: 0000000000000000f000000000000000, type: 0}
  m_StaticBatchInfo:
    firstSubMesh: 0
    subMeshCount: 0
  m_StaticBatchRoot: {fileID: 0}
  m_ProbeAnchor: {fileID: 0}
  m_LightProbeVolumeOverride: {fileID: 0}
  m_ScaleInLightmap: 1
  m_PreserveUVs: 0
  m_IgnoreNormalsForChartDetection: 0
  m_ImportantGI: 0
  m_StitchLightmapSeams: 0
  m_SelectedEditorRenderState: 0
  m_MinimumChartSize: 4
  m_AutoUVMaxDistance: 0.5
  m_AutoUVMaxAngle: 89
  m_LightmapParameters: {fileID: 0}
  m_SortingLayerID: 0
  m_SortingLayer: 0
  m_SortingOrder: 0
  m_Sprite: {fileID: 21300000, guid: 8e3829ec96dc363478d83a3c21ff5be7, type: 3}
  m_Color: {r: 1, g: 1, b: 1, a: 1}
  m_FlipX: 0
  m_FlipY: 0
  m_DrawMode: 0
  m_Size: {x: 1, y: 1.0029297}
  m_AdaptiveModeThreshold: 0.5
  m_SpriteTileMode: 0
  m_WasSpriteAssigned: 1
  m_MaskInteraction: 0
  m_SpriteSortPoint: 0
